@inproceedings{base_paper,
    author={M. {Singh} and K. {Kaur}},
    booktitle={2015 IEEE International Advance Computing Conference (IACC)},
    title={SQL2Neo: Moving health-care data from relational to graph databases},
    year={2015},
    month = {07},
    doi = {10.1109/IADCC.2015.7154801},
    pages={721-725}
}

@inproceedings{rdbms2graph,
    author = {De Virgilio, Roberto and Maccioni, Antonio and Torlone, Riccardo},
    title = {Converting Relational to Graph Databases},
    year = {2013},
    isbn = {9781450321884},
    publisher = {Association for Computing Machinery},
    address = {New York, NY, USA},
    url = {https://doi.org/10.1145/2484425.2484426},
    doi = {10.1145/2484425.2484426},
    booktitle = {First International Workshop on Graph Data Management Experiences and Systems},
    articleno = {1},
    numpages = {6},
    location = {New York, New York},
    series = {GRADES ’13}
}

@inproceedings{nosql2rdbms,
    author = {Maity, Biswajit and Acharya, Anal and Goto, Takaaki and Sen, Soumya},
    title = {A Framework to Convert NoSQL to Relational Model},
    year = {2018},
    isbn = {9781450365741},
    publisher = {Association for Computing Machinery},
    address = {New York, NY, USA},
    url = {https://doi.org/10.1145/3265007.3265011},
    doi = {10.1145/3265007.3265011},
    booktitle = {Proceedings of the 6th ACM/ACIS International Conference on Applied Computing and Information Technology},
    pages = {1–6},
    numpages = {6},
    keywords = {Cassandra, Neo4j, Data Conversion, MongoDB, NoSQL},
    location = {Kunming, China},
    series = {ACIT 2018}
}

@inproceedings{db_comparison,
    author = {Vicknair, Chad and Macias, Michael and Zhao, Zhendong and Nan, Xiaofei and Chen, Yixin and Wilkins, Dawn},
    title = {A Comparison of a Graph Database and a Relational Database: A Data Provenance Perspective},
    year = {2010},
    isbn = {9781450300643},
    publisher = {Association for Computing Machinery},
    address = {New York, NY, USA},
    url = {https://doi.org/10.1145/1900008.1900067},
    doi = {10.1145/1900008.1900067},
    booktitle = {Proceedings of the 48th Annual Southeast Regional Conference},
    articleno = {42},
    numpages = {6},
    location = {Oxford, Mississippi},
    series = {ACM SE ’10}
}

@inproceedings{rgdb_compare,
    author          = {Batra, Shalini and Tyagi, Charu},
    title           = {Comparative Analysis of Relational And Graph Databases},
    booktitle       = {International Journal of Soft Computing and Engineering (IJSCE)},
    year            = {2012},
    month           = {05},
    volume          = {2},
    issue           = {2},
    issn            = {2231-2307}
}
